%YAML 1.1
%TAG !u! tag:unity3d.com,2011:
--- !u!1001 &100100000
Prefab:
  m_ObjectHideFlags: 1
  serializedVersion: 2
  m_Modification:
    m_TransformParent: {fileID: 0}
    m_Modifications: []
    m_RemovedComponents: []
  m_ParentPrefab: {fileID: 0}
  m_RootGameObject: {fileID: 1704298030537698}
  m_IsPrefabParent: 1
--- !u!1 &1704298030537698
GameObject:
  m_ObjectHideFlags: 0
  m_PrefabParentObject: {fileID: 0}
  m_PrefabInternal: {fileID: 100100000}
  serializedVersion: 5
  m_Component:
  - component: {fileID: 4145672793122766}
  - component: {fileID: 212319308332828782}
  - component: {fileID: 114323954792788462}
  m_Layer: 0
  m_Name: Floor
  m_TagString: Untagged
  m_Icon: {fileID: 0}
  m_NavMeshLayer: 0
  m_StaticEditorFlags: 0
  m_IsActive: 1
--- !u!4 &4145672793122766
Transform:
  m_ObjectHideFlags: 1
  m_PrefabParentObject: {fileID: 0}
  m_PrefabInternal: {fileID: 100100000}
  m_GameObject: {fileID: 1704298030537698}
  m_LocalRotation: {x: -0, y: -0, z: -0, w: 1}
  m_LocalPosition: {x: 0, y: 0, z: 0}
  m_LocalScale: {x: 1, y: 1, z: 1}
  m_Children: []
  m_Father: {fileID: 0}
  m_RootOrder: 0
  m_LocalEulerAnglesHint: {x: 0, y: 0, z: 0}
--- !u!114 &114323954792788462
MonoBehaviour:
  m_ObjectHideFlags: 1
  m_PrefabParentObject: {fileID: 0}
  m_PrefabInternal: {fileID: 100100000}
  m_GameObject: {fileID: 1704298030537698}
  m_Enabled: 1
  m_EditorHideFlags: 0
  m_Script: {fileID: 11500000, guid: b0b2f50de1889e248a3a0e7bc468a52d, type: 3}
  m_Name: 
  m_EditorClassIdentifier: 
  Tiles:
  - Black
  - Ext_E
  - Ext_N
  - Ext_NE
  - Ext_NW
  - Ext_S
  - Ext_SE
  - Ext_SW
  - Ext_W
  - Floor
  - Floor_Overlay_1
  - Floor_Overlay_2
  - Floor_Overlay_3
  - Int_NE
  - Int_NW
  - Int_SE
  - Int_SW
  - Maze_tileset_1
  - Maze_tileset_6
  - Maze_tileset_19
  - Maze_tileset_24
  - Maze_tileset_26
  - Maze_tileset_29
  - Maze_tileset_33
  - Maze_tileset_34
  - Pipe_Horizontal
  - Pipe_NE
  - Pipe_NW
  - Pipe_SE
  - Pipe_SW
  - Pipe_Vertical
  - Simple
  - Wall_Overlay_1
  - Wall_Overlay_2
  - Wall_Overlay_3
  Selected: 9
--- !u!212 &212319308332828782
SpriteRenderer:
  m_ObjectHideFlags: 1
  m_PrefabParentObject: {fileID: 0}
  m_PrefabInternal: {fileID: 100100000}
  m_GameObject: {fileID: 1704298030537698}
  m_Enabled: 1
  m_CastShadows: 0
  m_ReceiveShadows: 1
  m_MotionVectors: 1
  m_LightProbeUsage: 0
  m_ReflectionProbeUsage: 0
  m_Materials:
  - {fileID: 2100000, guid: c8756295875bcbc4aa06b1b91924efc0, type: 2}
  m_StaticBatchInfo:
    firstSubMesh: 0
    subMeshCount: 0
  m_StaticBatchRoot: {fileID: 0}
  m_ProbeAnchor: {fileID: 0}
  m_LightProbeVolumeOverride: {fileID: 0}
  m_ScaleInLightmap: 1
  m_PreserveUVs: 0
  m_IgnoreNormalsForChartDetection: 0
  m_ImportantGI: 0
  m_SelectedEditorRenderState: 0
  m_MinimumChartSize: 4
  m_AutoUVMaxDistance: 0.5
  m_AutoUVMaxAngle: 89
  m_LightmapParameters: {fileID: 0}
  m_SortingLayerID: 0
  m_SortingOrder: 0
  m_Sprite: {fileID: 21300050, guid: 70d00470cd18a1b4b89090433fe61a5e, type: 3}
  m_Color: {r: 1, g: 1, b: 1, a: 1}
  m_FlipX: 0
  m_FlipY: 0
